@book{anderson,
    title={The Dynamics of Faulting},
    author={Anderson, E.M.},
    %series={},
    year={1951},
    publisher={Oliver & Boyd, Edinburgh},
    %keywords = {physics}
}

@article{angelier75,
    author        = {Angelier, J.},
    title         = {Sur l’analyse de measures recueillies dans des sites failles: l’utilite d’une confrontation entre les methods dynamiques et cinematiques},
    journaltitle  = {Comptes Rendus de l’Academie des Sciences, Paris},
    year          = {1975},
    volume        = {D281},
    %number        = {10},
    pages         = {1805–1808},
    %doi           = {http://dx.doi.org/10.1002/andp.19053221004}
}